<?xml version="1.0" encoding="UTF-8"?>
<record xmlns="http://www.loc.gov/MARC21/slim">
   <leader>01546cam a2200277 a 4500</leader>
   <controlfield tag="001">2842429</controlfield>
   <controlfield tag="003">NjP</controlfield>
   <controlfield tag="005">20171020174352.0</controlfield>
   <controlfield tag="008">000306s1877    mr            000 0 ara d</controlfield>
   <datafield tag="024" ind1="7" ind2=" ">
      <subfield code="a">princeton_aco004607</subfield>
      <subfield code="2">local</subfield>
   </datafield>
   <datafield ind1=" " ind2=" " tag="035">
      <subfield code="9">CNS6164TS</subfield>
   </datafield>
   <datafield ind1=" " ind2=" " tag="040">
      <subfield code="a">NjP</subfield>
      <subfield code="c">NjP</subfield>
   </datafield>
   <datafield ind1="1" ind2=" " tag="100">
      <subfield code="a">Makkūdī, ʻAbd al-Raḥmān ibn ʻAlī,</subfield>
      <subfield code="d">-1404 or 1405.</subfield>
      <subfield code="0">http://id.loc.gov/authorities/names/nr92026099</subfield>
   </datafield>
   <datafield ind1="1" ind2="0" tag="240">
      <subfield code="a">Sharḥ ʻalá Alfīyat Ibn Mālik</subfield>
   </datafield>
   <datafield ind1="1" ind2="0" tag="245">
      <subfield code="a">Qāla al-shaykh al-Imām al-ustādh al-naḥwī al-lughawī al-humām Abū Zayd Sayyidī ʻAbd al-Raḥmān ibn ʻAlī ibn Ṣāliḥ al-Makkūdī.</subfield>
   </datafield>
   <datafield ind1="1" ind2=" " tag="246">
      <subfield code="i">Title imbedded in text on p. 2:</subfield>
      <subfield code="a">Hādhā Sharḥ mukhtaṣar ʻalá Alfīyat Ibn Mālik</subfield>
   </datafield>
   <datafield ind1="1" ind2=" " tag="246">
      <subfield code="i">Title on v. 2, t.p.:</subfield>
      <subfield code="a">Juzʼ al-thānī min Sharḥ al-ʻallāmah Sayyidī ʻAbd al-Raḥmān ibn ʻAlī ibn Ṣāliḥ al-Makkūdī li-Alfīyat Ibn Mālik</subfield>
   </datafield>
   <datafield ind1="3" ind2="0" tag="246">
      <subfield code="a">Sharḥ mukhtaṣar ʻalá Alfīyah Ibn Mālik</subfield>
   </datafield>
   <datafield ind1="3" ind2="0" tag="246">
      <subfield code="a">Sharḥ al-ʻallāmah Sayyidī ʻAbd al-Raḥmān ibn ʻAlī ibn Ṣāliḥ al-Makkūdī li-Alfīyat Ibn Mālik</subfield>
   </datafield>
   <datafield ind1=" " ind2=" " tag="260">
      <subfield code="a">[Morocco :</subfield>
      <subfield code="b">s.n.],</subfield>
      <subfield code="c">1294 [1877]</subfield>
   </datafield>
   <datafield ind1=" " ind2=" " tag="300">
      <subfield code="a">2 v. in 1 ;</subfield>
      <subfield code="c">21 cm.</subfield>
   </datafield>
   <datafield ind1="1" ind2="0" tag="600">
      <subfield code="a">Ibn Mālik, Muḥammad ibn ʻAbd Allāh,</subfield>
      <subfield code="d">d. 1274.</subfield>
      <subfield code="t">Alfīyah.</subfield>
      <subfield code="0">http://id.loc.gov/authorities/names/n83056203</subfield>
   </datafield>
   <datafield ind1=" " ind2="0" tag="650">
      <subfield code="a">Arabic language</subfield>
      <subfield code="x">Grammar</subfield>
      <subfield code="v">Early works to 1800.</subfield>
      <subfield code="0">http://id.loc.gov/authorities/subjects/sh86000284</subfield>
   </datafield>
   <datafield ind1=" " ind2="7" tag="655">
      <subfield code="a">Lithographs</subfield>
      <subfield code="z">Morocco</subfield>
      <subfield code="y">1877</subfield>
      <subfield code="2">gmgpc</subfield>
   </datafield>
   <datafield ind1="4" ind2=" " tag="856">
      <subfield code="u">http://hdl.handle.net/2027/njp.32101077796363</subfield>
   </datafield>
   <datafield ind1=" " ind2=" " tag="948">
      <subfield code="a">jeb</subfield>
   </datafield>
   <datafield ind1=" " ind2=" " tag="911">
      <subfield code="a">20000306</subfield>
   </datafield>
   <datafield ind1=" " ind2=" " tag="912">
      <subfield code="a">20000306042259.0</subfield>
   </datafield>
   <datafield ind1="8" ind2="0" tag="852">
      <subfield code="0">3155144</subfield>
      <subfield code="b">rcppa</subfield>
      <subfield code="t">1</subfield>
      <subfield code="h">2271.66548.802 1877</subfield>
      <subfield code="x">tr fr f</subfield>
   </datafield>
   <datafield ind1="8" ind2=" " tag="852">
      <subfield code="0">8753349</subfield>
      <subfield code="b">elf1</subfield>
      <subfield code="h">Electronic Resource</subfield>
   </datafield>
   <datafield ind1=" " ind2=" " tag="959">
      <subfield code="a">2000-06-08 00:00:00 -0500</subfield>
   </datafield>
</record>
